<?xml version="1.0" encoding="UTF-8"?>
<collection xmlns:xsi="http://www.w3.org/2001/XMLSchema-instance" xsi:schemaLocation="http://www.loc.gov/MARC21/slim http://www.loc.gov/standards/marcxml/schema/MARC21slim.xsd" xmlns="http://www.loc.gov/MARC21/slim">
<record>
  <leader>01022cam a2200277 a 4500</leader>
  <controlfield tag="001">3073327</controlfield>
  <controlfield tag="003">NNC</controlfield>
  <controlfield tag="005">20121018201353.0</controlfield>
  <controlfield tag="008">880125m19541955ua       d    000 0 arard</controlfield>
  <datafield tag="035" ind1=" " ind2=" ">
    <subfield code="a">(OCoLC)ocm17390321</subfield>
  </datafield>
  <datafield tag="035" ind1=" " ind2=" ">
    <subfield code="9">ATP6426CU</subfield>
  </datafield>
  <datafield tag="035" ind1=" " ind2=" ">
    <subfield code="a">(NNC)3073327</subfield>
  </datafield>
  <datafield tag="040" ind1=" " ind2=" ">
    <subfield code="a">WAU</subfield>
    <subfield code="c">WAU</subfield>
    <subfield code="d">WTU</subfield>
    <subfield code="d">ZCU</subfield>
  </datafield>
  <datafield tag="099" ind1=" " ind2=" ">
    <subfield code="a">893.7Y13</subfield>
    <subfield code="a">T34</subfield>
  </datafield>
  <datafield tag="100" ind1="0" ind2=" ">
    <subfield code="a">Yāqūt ibn ʻAbd Allāh al-Ḥamawī,</subfield>
    <subfield code="d">1179?-1229.</subfield>
  </datafield>
  <datafield tag="245" ind1="1" ind2="0">
    <subfield code="a">Marāṣid al-iṭṭilāʻ ʻalā asmāʾ al-amkinah wa-al-biqāʻ/</subfield>
    <subfield code="c">edited by ʻAlī Muḥammad al-Bajjāwī.</subfield>
  </datafield>
  <datafield tag="250" ind1=" " ind2=" ">
    <subfield code="a">al-Ṭabʻah 1.</subfield>
  </datafield>
  <datafield tag="260" ind1=" " ind2=" ">
    <subfield code="a">[Cairo] :</subfield>
    <subfield code="b">Dār Iḥyāʾ al-Kutub al-ʻArabīyah</subfield>
    <subfield code="c">1954-55</subfield>
  </datafield>
  <datafield tag="300" ind1=" " ind2=" ">
    <subfield code="a">3 v. ;</subfield>
    <subfield code="c">25 cm.</subfield>
  </datafield>
  <datafield tag="500" ind1=" " ind2=" ">
    <subfield code="a">An abridgment of the author's Muʻjam al-buldān by ʻAbd al-Muʾmin ibn ʻAbd al-Ḥaqq.</subfield>
  </datafield>
  <datafield tag="650" ind1=" " ind2="0">
    <subfield code="a">Geography</subfield>
    <subfield code="v">Dictionaries</subfield>
    <subfield code="x">Arabic.</subfield>
  </datafield>
  <datafield tag="650" ind1=" " ind2="0">
    <subfield code="a">Geography, Medieval.</subfield>
  </datafield>
  <datafield tag="700" ind1="1" ind2=" ">
    <subfield code="a">Ibn ʻAbd al-Ḥaqq, ʻAbd al-Muʼmin,</subfield>
    <subfield code="d">1260-1338.</subfield>
  </datafield>
  <datafield tag="700" ind1="1" ind2=" ">
    <subfield code="a">Bajāwī, ʻAlī Muḥammad.</subfield>
  </datafield>
  <datafield tag="740" ind1="0" ind2="1">
    <subfield code="a">Muʻjam al-Buldān.</subfield>
  </datafield>
  <datafield tag="955" ind1=" " ind2=" ">
    <subfield code="b">0026814005</subfield>
    <subfield code="d">glx</subfield>
    <subfield code="e">893.7Y13 T34</subfield>
    <subfield code="v">v.1</subfield>
  </datafield>
</record>
</collection>